@online{predictiveanalyticstoday,
  title        = {Top NoSQL Key Value store Databases},
  subtitle	   = {Predictiveanalyticstoday},
  date         = 2022,
  url          = {https://www.predictiveanalyticstoday.com/top-sql-key-value-store-databases/},
  urldate      = {2022-11-13},
  langid       = {english},
}

@online{g2,
  title        = {Best Document Databases},
  subtitle	   = {G2},
  date         = 2022,
  url          = {https://www.g2.com/categories/document-databases},
  urldate      = {2022-11-13},
  langid       = {english},
}

@online{wiki-key-value-db,
  title        = {Key–value database},
  date         = 2022,
  url          = {https://en.wikipedia.org/wiki/Key%E2%80%93value_database},
  urldate      = {2022-11-18},
  langid       = {english},
}

@online{ytb-nosql-db,
  title        = {How do NoSQL databases work? Simply Explained!},
  subtitle	   = {youtube},
  date         = 2021,
  url          = {https://www.youtube.com/watch?v=0buKQHokLK8},
  urldate      = {2022-11-18},
  langid       = {english},
}

@online{redis,
  title        = {Redis},
  date         = 2022,
  url          = {https://redis.io/},
  urldate      = {2022-11-18},
  langid       = {english},
}

@online{db-engineers-ranking,
  title        = {DB-Engines Ranking},
  date         = 2022,
  url          = {https://db-engines.com/en/ranking},
  urldate      = {2022-11-18},
  langid       = {english},
}

@online{dynamodb,
  title        = {Amazon DynamoDB},
  date         = 2022,
  url          = {https://aws.amazon.com/dynamodb/},
  urldate      = {2022-11-18},
  langid       = {english},
}

@online{oraclenosqldb,
  title        = {Oracle NoSQL Database},
  date         = 2022,
  url          = {https://www.oracle.com/database/nosql/technologies/nosql/},
  urldate      = {2022-11-19},
  langid       = {english},
}

@online{redis,
  title        = {Redis},
  date         = 2022,
  url          = {https://redis.io/},
  urldate      = {2022-11-19},
  langid       = {english},
}

@online{aerospike,
  title        = {Aerospike},
  date         = 2022,
  url          = {https://aerospike.com/},
  urldate      = {2022-11-20},
  langid       = {english},
}

@online{aql,
  title        = {Aerospike Quick Look (AQL)},
  date         = 2022,
  url          = {https://docs.aerospike.com/tools/aql},
  urldate      = {2022-11-20},
  langid       = {english},
}

@online{hybmem-arch,
  title        = {Hybrid Memory Architecture},
  date         = 2022,
  url          = {https://aerospike.com/products/features/hybrid-memory-architecture/},
  urldate      = {2022-11-20},
  langid       = {english},
}

@online{berkeleydb,
  title        = {Oracle Berkeley DB},
  date         = 2022,
  url          = {https://www.oracle.com/database/technologies/related/berkeleydb.html},
  urldate      = {2022-11-21},
  langid       = {english},
}

@online{mvcc,
  title        = {Multiversion concurrency control},
  date         = 2022,
  url          = {https://en.wikipedia.org/wiki/Multiversion_concurrency_control},
  urldate      = {2022-11-21},
  langid       = {english},
}

@online{riak,
  title        = {Riak KV},
  date         = 2022,
  url          = {https://riak.com/products/riak-kv/index.html},
  urldate      = {2022-11-21},
  langid       = {english},
}

@online{crdt,
  title        = {Conflict-free replicated data type},
  date         = 2022,
  url          = {https://en.wikipedia.org/wiki/Conflict-free_replicated_data_type},
  urldate      = {2022-11-21},
  langid       = {english},
}

@online{snappy,
  title        = {Snappy},
  date         = 2022,
  url          = {https://www.solvusoft.com/cs/file-extensions/software/google/snappy/},
  urldate      = {2022-11-21},
  langid       = {english},
}

@online{voldemort,
  title        = {Project Voldemort},
  date         = 2022,
  url          = {https://www.project-voldemort.com/voldemort/},
  urldate      = {2022-11-22},
  langid       = {english},
}

@online{jmx,
  title        = {Java Management Extensions},
  date         = 2022,
  url          = {https://www.oracle.com/technical-resources/articles/javase/jmx.html},
  urldate      = {2022-11-22},
  langid       = {english},
}

@online{infinitydb,
  title        = {InfinityDB Java NoSQL Database},
  subtitle	   = {Boiler Bay Software},
  date         = 2022,
  url          = {https://boilerbay.com/},
  urldate      = {2022-11-22},
  langid       = {english},
}

@online{partiql,
  title        = {PartiQL},
  date         = 2023,
  url          = {https://partiql.org/docs.html},
  urldate      = {2023-01-09},
  langid       = {english},
}

@online{rediscli,
  title        = {Redis CLI},
  date         = 2023,
  url          = {https://redis.io/docs/manual/cli/},
  urldate      = {2023-01-14},
  langid       = {english},
}

@online{sqlite,
  title        = {SQLite},
  date         = 2023,
  url          = {https://www.sqlite.org/index.html},
  urldate      = {2023-01-15},
  langid       = {english},
}

@online{mongodb,
  title        = {MongoDB},
  date         = 2023,
  url          = {https://www.mongodb.com/},
  urldate      = {2023-01-28},
  langid       = {english},
}

@online{couchbase,
  title        = {Couchbase},
  date         = 2023,
  url          = {https://www.couchbase.com/},
  urldate      = {2023-01-28},
  langid       = {english},
}

@online{documentdb,
  title        = {Document-oriented database},
  date         = 2023,
  url          = {https://en.wikipedia.org/wiki/Document-oriented_database},
  urldate      = {2023-01-28},
  langid       = {english},
}

@online{cassandra,
  title        = {Cassandra},
  date         = 2023,
  url          = {https://cassandra.apache.org/_/index.html},
  urldate      = {2023-01-28},
  langid       = {english},
}

@online{widecolumnstore,
  title        = {Wide-column store},
  date         = 2023,
  url          = {https://en.wikipedia.org/wiki/Wide-column_store},
  urldate      = {2023-01-28},
  langid       = {english},
}

@online{tpc,
  title        = {TPC},
  date         = 2023,
  url          = {https://www.tpc.org/},
  urldate      = {2023-02-11},
  langid       = {english},
}

@online{ycsb,
  title        = {Yahoo! Cloud Serving Benchmark (YCSB)},
  date         = 2023,
  url          = {https://en.wikipedia.org/wiki/YCSB},
  urldate      = {2023-02-11},
  langid       = {english},
}

@online{dss,
  title        = {Systém pro podporu rozhodování},
  date         = 2023,
  url          = {https://cs.wikipedia.org/wiki/Syst%C3%A9m_pro_podporu_rozhodov%C3%A1n%C3%AD},
  urldate      = {2023-02-11},
  langid       = {english},
}

@online{workloads,
  title        = {Core Workloads - YCSB},
  date         = 2023,
  url          = {https://github.com/brianfrankcooper/YCSB/wiki/Core-Workloads},
  urldate      = {2023-02-12},
  langid       = {english},
}

@article{benchmark-pdf-1,
  title        = {Performance Benchmarking of Key-Value Store NoSQL Databases},
  author 	   = {Omoruyi Ose and Kennedy Okokpujie and Nsikan Nkordeh Charles Ndujiuba and Samuel John and Idiake Stanley Uzairue},
  date         = 2023,
  url          = {https://www.researchgate.net/publication/330653733_Performance_Benchmarking_of_Key-Value_Store_NoSQL_Databases},
  urldate      = {2023-02-12},
  langid       = {english},
}

@article{benchmark-pdf-2,
  title        = {Benchmarking Top NoSQL Databases},
  author 	   = {Athiq Ahamed},
  date         = 2023,
  url          = {https://www.researchgate.net/publication/303485422_Benchmarking_Top_NoSQL_Databases},
  urldate      = {2023-02-12},
  langid       = {english},
}

@online{ytb-ycsb,
  title        = {5| Yahoo Cloud Serving Benchmark(YCSB): Knobs and Tunes},
  date         = 2023,
  url          = {https://www.youtube.com/watch?v=ZJPTgzFXTKo&list=PL9Bv8oH2HsjyOnAOYYLEPUAKq-2HoUWoA&index=5},
  urldate      = {2023-02-12},
  langid       = {english},
}

@online{ycsb-parallel-data-lab,
  title        = {YCSB++},
  subtitle	   = {PARALLEL DATA LAB, CMU},
  author 	   = {Garth Gibson},
  date         = 2023,
  url          = {https://www.pdl.cmu.edu/ycsb++/},
  urldate      = {2023-02-24},
  langid       = {english},
}

@online{oltp,
  title        = {Online transaction processing (OLTP)},
  date         = 2023,
  url          = {https://en.wikipedia.org/wiki/Online_transaction_processing},
  urldate      = {2023-03-19},
  langid       = {english},
}

@online{tpc-c,
  title        = {TPC-C},
  date         = 2023,
  url          = {https://en.wikipedia.org/wiki/TPC-C},
  urldate      = {2023-03-19},
  langid       = {english},
}

@online{tpc-c-top-result,
  title        = {TPC-C Top Performance Results},
  date         = 2023,
  url          = {https://www.tpc.org/tpcc/results/tpcc_perf_results5.asp?resulttype=all},
  urldate      = {2023-03-19},
  langid       = {english},
}

@online{iot,
  title        = {IoT definition in detail},
  date         = 2023,
  url          = {https://www.sap.com/insights/what-is-iot-internet-of-things.html},
  urldate      = {2023-03-19},
  langid       = {english},
}

@online{docker,
  title        = {Docker Builds: Now Lightning Fast},
  date         = 2024,
  url          = {https://www.docker.com/},
  urldate      = {2024-03-19},
  langid       = {english},
}